<?xml version="1.0" encoding="UTF-8"?><collection xmlns="http://www.loc.gov/MARC21/slim"><record><leader>00601nam--2200205-u-4500</leader><controlfield tag="001">000050921</controlfield><controlfield tag="002">20161230</controlfield><controlfield tag="005">20161230201048</controlfield><controlfield tag="008">080422s1000------------r-----000-0-eng-d</controlfield><datafield ind1=" " ind2=" " tag="020"><subfield code="a">1860942105</subfield></datafield><datafield ind1=" " ind2=" " tag="040"><subfield code="a">IFIN-HH</subfield></datafield><datafield ind1=" " ind2=" " tag="080"><subfield code="a">538.9:54:(53.06:001.2)</subfield></datafield><datafield ind1="1" ind2=" " tag="100"><subfield code="a">Lu, G. Q.; Zhao, X. S. (Eds.)</subfield></datafield><datafield ind1="1" ind2="0" tag="245"><subfield code="a">Nanoporous Materials, Science and Engineering</subfield><subfield code="c">G.Q. Lu; X.S. Zhao (Eds.)</subfield></datafield><datafield ind1=" " ind2=" " tag="260"><subfield code="a">London</subfield><subfield code="b">Imperial College Press</subfield><subfield code="c">2004</subfield></datafield><datafield ind1=" " ind2=" " tag="300"><subfield code="a">897 p</subfield></datafield><datafield ind1=" " ind2=" " tag="490"><subfield code="a">Series on Chemical Engineering</subfield><subfield code="v">vol. 4</subfield></datafield><datafield ind1="1" ind2=" " tag="700"><subfield code="a">Zhao, X.S</subfield><subfield code="e">Ed</subfield></datafield><datafield ind1=" " ind2=" " tag="852"><subfield code="a">81989</subfield><subfield code="c">001.2</subfield></datafield><datafield ind1=" " ind2=" " tag="CAT"><subfield code="a">Sys</subfield><subfield code="c">20110105</subfield><subfield code="h">085755</subfield></datafield></record></collection>